<?xml version="1.0" encoding="UTF-8"?>
  <record xmlns="http://www.loc.gov/MARC21/slim" type="Authority">
    <leader>00000nz  a2200000nc 4500</leader>
    <controlfield tag="001">120063859</controlfield>
    <controlfield tag="003">DE-101</controlfield>
    <controlfield tag="005">20190328154047.0</controlfield>
    <controlfield tag="008">980326n||aznnnaabn           | aaa    |c</controlfield>
    <datafield tag="024" ind1="7" ind2=" ">
      <subfield code="a">120063859</subfield>
      <subfield code="0">http://d-nb.info/gnd/120063859</subfield>
      <subfield code="2">gnd</subfield>
    </datafield>
    <datafield tag="035" ind1=" " ind2=" ">
      <subfield code="a">(DE-101)120063859</subfield>
    </datafield>
    <datafield tag="035" ind1=" " ind2=" ">
      <subfield code="a">(DE-588)120063859</subfield>
    </datafield>
    <datafield tag="035" ind1=" " ind2=" ">
      <subfield code="z">(DE-588a)120063859</subfield>
      <subfield code="9">v:zg</subfield>
    </datafield>
    <datafield tag="040" ind1=" " ind2=" ">
      <subfield code="a">DE-12</subfield>
      <subfield code="c">DE-12</subfield>
      <subfield code="9">r:DE-12</subfield>
      <subfield code="b">ger</subfield>
      <subfield code="d">1031</subfield>
    </datafield>
    <datafield tag="042" ind1=" " ind2=" ">
      <subfield code="a">gnd1</subfield>
    </datafield>
    <datafield tag="043" ind1=" " ind2=" ">
      <subfield code="c">XA-DE</subfield>
    </datafield>
    <datafield tag="075" ind1=" " ind2=" ">
      <subfield code="b">p</subfield>
      <subfield code="2">gndgen</subfield>
    </datafield>
    <datafield tag="075" ind1=" " ind2=" ">
      <subfield code="b">piz</subfield>
      <subfield code="2">gndspec</subfield>
    </datafield>
    <datafield tag="079" ind1=" " ind2=" ">
      <subfield code="a">g</subfield>
      <subfield code="q">a</subfield>
      <subfield code="q">f</subfield>
      <subfield code="q">z</subfield>
      <subfield code="u">k</subfield>
    </datafield>
    <datafield tag="100" ind1="0" ind2=" ">
      <subfield code="a">Adolf Friedrich</subfield>
      <subfield code="b">III.</subfield>
      <subfield code="c">Mecklenburg-Strelitz, Herzog</subfield>
      <subfield code="d">1686-1752</subfield>
    </datafield>
    <datafield tag="375" ind1=" " ind2=" ">
      <subfield code="a">1</subfield>
      <subfield code="2">iso5218</subfield>
    </datafield>
    <datafield tag="400" ind1="0" ind2=" ">
      <subfield code="a">Adolf Friedrich</subfield>
      <subfield code="b">III.</subfield>
      <subfield code="c">Mecklenburg, Herzog</subfield>
      <subfield code="d">1686-1752</subfield>
      <subfield code="9">v:Namensform nach dynastischer Zählung</subfield>
    </datafield>
    <datafield tag="400" ind1="0" ind2=" ">
      <subfield code="a">Adolph Friedrich</subfield>
      <subfield code="b">III.</subfield>
      <subfield code="c">Mecklenburg-Strelitz, Herzog</subfield>
      <subfield code="d">1686-1752</subfield>
    </datafield>
    <datafield tag="400" ind1="0" ind2=" ">
      <subfield code="a">Adolph Friederich</subfield>
      <subfield code="b">III.</subfield>
      <subfield code="c">Mecklenburg-Strelitz, Herzog</subfield>
      <subfield code="d">1686-1752</subfield>
    </datafield>
    <datafield tag="400" ind1="0" ind2=" ">
      <subfield code="a">Adolf Friedrich</subfield>
      <subfield code="c">Mecklenburg-Strelitz, Herzog</subfield>
      <subfield code="d">1686-1752</subfield>
    </datafield>
    <datafield tag="400" ind1="0" ind2=" ">
      <subfield code="a">Adolph Friderich</subfield>
      <subfield code="c">Mecklenburg-Strelitz, Herzog</subfield>
      <subfield code="d">1686-1752</subfield>
    </datafield>
    <datafield tag="500" ind1="0" ind2=" ">
      <subfield code="0">(DE-101)104181982</subfield>
      <subfield code="0">(DE-588)104181982</subfield>
      <subfield code="0">https://d-nb.info/gnd/104181982</subfield>
      <subfield code="a">Adolf Friedrich</subfield>
      <subfield code="b">II.</subfield>
      <subfield code="c">Mecklenburg-Strelitz, Herzog</subfield>
      <subfield code="d">1658-1708</subfield>
      <subfield code="4">bezf</subfield>
      <subfield code="4">https://d-nb.info/standards/elementset/gnd#familialRelationship</subfield>
      <subfield code="w">r</subfield>
      <subfield code="i">Beziehung familiaer</subfield>
      <subfield code="e">Beziehung familiaer</subfield>
      <subfield code="9">v:Vater, Vorgänger</subfield>
    </datafield>
    <datafield tag="500" ind1="0" ind2=" ">
      <subfield code="0">(DE-101)133098850</subfield>
      <subfield code="0">(DE-588)133098850</subfield>
      <subfield code="0">https://d-nb.info/gnd/133098850</subfield>
      <subfield code="a">Karl</subfield>
      <subfield code="c">Mecklenburg-Strelitz, Herzog, 1708-1752</subfield>
      <subfield code="d">1708-1752</subfield>
      <subfield code="4">bezf</subfield>
      <subfield code="4">https://d-nb.info/standards/elementset/gnd#familialRelationship</subfield>
      <subfield code="w">r</subfield>
      <subfield code="i">Beziehung familiaer</subfield>
      <subfield code="e">Beziehung familiaer</subfield>
      <subfield code="9">v:Bruder</subfield>
    </datafield>
    <datafield tag="500" ind1="0" ind2=" ">
      <subfield code="0">(DE-101)118647083</subfield>
      <subfield code="0">(DE-588)118647083</subfield>
      <subfield code="0">https://d-nb.info/gnd/118647083</subfield>
      <subfield code="a">Adolf Friedrich</subfield>
      <subfield code="b">IV.</subfield>
      <subfield code="c">Mecklenburg-Strelitz, Herzog</subfield>
      <subfield code="d">1738-1794</subfield>
      <subfield code="4">bezf</subfield>
      <subfield code="4">https://d-nb.info/standards/elementset/gnd#familialRelationship</subfield>
      <subfield code="w">r</subfield>
      <subfield code="i">Beziehung familiaer</subfield>
      <subfield code="e">Beziehung familiaer</subfield>
      <subfield code="9">v:Brudersohn, Nachfolger</subfield>
    </datafield>
    <datafield tag="500" ind1="0" ind2=" ">
      <subfield code="0">(DE-101)1031462325</subfield>
      <subfield code="0">(DE-588)1031462325</subfield>
      <subfield code="0">https://d-nb.info/gnd/1031462325</subfield>
      <subfield code="a">Dorothea Sophie</subfield>
      <subfield code="c">Mecklenburg-Strelitz, Herzogin</subfield>
      <subfield code="d">1692-1765</subfield>
      <subfield code="4">bezf</subfield>
      <subfield code="4">https://d-nb.info/standards/elementset/gnd#familialRelationship</subfield>
      <subfield code="w">r</subfield>
      <subfield code="i">Beziehung familiaer</subfield>
      <subfield code="e">Beziehung familiaer</subfield>
      <subfield code="9">v:Ehefrau</subfield>
    </datafield>
    <datafield tag="548" ind1=" " ind2=" ">
      <subfield code="a">1686-1752</subfield>
      <subfield code="4">datl</subfield>
      <subfield code="4">https://d-nb.info/standards/elementset/gnd#dateOfBirthAndDeath</subfield>
      <subfield code="w">r</subfield>
      <subfield code="i">Lebensdaten</subfield>
    </datafield>
    <datafield tag="548" ind1=" " ind2=" ">
      <subfield code="a">07.06.1686-11.12.1752</subfield>
      <subfield code="4">datx</subfield>
      <subfield code="4">https://d-nb.info/standards/elementset/gnd#dateOfBirthAndDeath</subfield>
      <subfield code="w">r</subfield>
      <subfield code="i">Exakte Lebensdaten</subfield>
    </datafield>
    <datafield tag="550" ind1=" " ind2=" ">
      <subfield code="0">(DE-101)040246000</subfield>
      <subfield code="0">(DE-588)4024600-0</subfield>
      <subfield code="0">https://d-nb.info/gnd/4024600-0</subfield>
      <subfield code="a">Herrscher</subfield>
      <subfield code="4">berc</subfield>
      <subfield code="4">https://d-nb.info/standards/elementset/gnd#professionOrOccupation</subfield>
      <subfield code="w">r</subfield>
      <subfield code="i">Charakteristischer Beruf</subfield>
    </datafield>
    <datafield tag="550" ind1=" " ind2=" ">
      <subfield code="0">(DE-101)041773969</subfield>
      <subfield code="0">(DE-588)4177396-2</subfield>
      <subfield code="0">https://d-nb.info/gnd/4177396-2</subfield>
      <subfield code="a">Regent</subfield>
      <subfield code="4">beru</subfield>
      <subfield code="4">https://d-nb.info/standards/elementset/gnd#professionOrOccupation</subfield>
      <subfield code="w">r</subfield>
      <subfield code="i">Beruf</subfield>
      <subfield code="9">v:Regent von Mecklenburg-Strelitz</subfield>
    </datafield>
    <datafield tag="550" ind1=" " ind2=" ">
      <subfield code="0">(DE-101)041596765</subfield>
      <subfield code="0">(DE-588)4159676-6</subfield>
      <subfield code="0">https://d-nb.info/gnd/4159676-6</subfield>
      <subfield code="a">Herzog</subfield>
      <subfield code="4">beru</subfield>
      <subfield code="4">https://d-nb.info/standards/elementset/gnd#professionOrOccupation</subfield>
      <subfield code="w">r</subfield>
      <subfield code="i">Beruf</subfield>
    </datafield>
    <datafield tag="551" ind1=" " ind2=" ">
      <subfield code="0">(DE-101)947038353</subfield>
      <subfield code="0">(DE-588)4403991-8</subfield>
      <subfield code="0">https://d-nb.info/gnd/4403991-8</subfield>
      <subfield code="a">Neustrelitz-Alt-Strelitz</subfield>
      <subfield code="4">ortg</subfield>
      <subfield code="4">https://d-nb.info/standards/elementset/gnd#placeOfBirth</subfield>
      <subfield code="w">r</subfield>
      <subfield code="i">Geburtsort</subfield>
    </datafield>
    <datafield tag="551" ind1=" " ind2=" ">
      <subfield code="0">(DE-101)041011503</subfield>
      <subfield code="0">(DE-588)4101150-8</subfield>
      <subfield code="0">https://d-nb.info/gnd/4101150-8</subfield>
      <subfield code="a">Neustrelitz</subfield>
      <subfield code="4">orts</subfield>
      <subfield code="4">https://d-nb.info/standards/elementset/gnd#placeOfDeath</subfield>
      <subfield code="w">r</subfield>
      <subfield code="i">Sterbeort</subfield>
    </datafield>
    <datafield tag="551" ind1=" " ind2=" ">
      <subfield code="0">(DE-101)041011503</subfield>
      <subfield code="0">(DE-588)4101150-8</subfield>
      <subfield code="0">https://d-nb.info/gnd/4101150-8</subfield>
      <subfield code="a">Neustrelitz</subfield>
      <subfield code="4">ortw</subfield>
      <subfield code="4">https://d-nb.info/standards/elementset/gnd#placeOfActivity</subfield>
      <subfield code="w">r</subfield>
      <subfield code="i">Wirkungsort</subfield>
    </datafield>
    <datafield tag="551" ind1=" " ind2=" ">
      <subfield code="0">(DE-101)040381978</subfield>
      <subfield code="0">(DE-588)4038197-3</subfield>
      <subfield code="0">https://d-nb.info/gnd/4038197-3</subfield>
      <subfield code="a">Mecklenburg</subfield>
      <subfield code="4">ortw</subfield>
      <subfield code="4">https://d-nb.info/standards/elementset/gnd#placeOfActivity</subfield>
      <subfield code="w">r</subfield>
      <subfield code="i">Wirkungsort</subfield>
    </datafield>
    <datafield tag="667" ind1=" " ind2=" ">
      <subfield code="a">28</subfield>
    </datafield>
    <datafield tag="667" ind1=" " ind2=" ">
      <subfield code="a">3</subfield>
    </datafield>
    <datafield tag="667" ind1=" " ind2=" ">
      <subfield code="a">VD-18</subfield>
    </datafield>
    <datafield tag="913" ind1=" " ind2=" ">
      <subfield code="S">pnd</subfield>
      <subfield code="i">5</subfield>
      <subfield code="a">Adolf Friedrich &lt;Mecklenburg-Strelitz, Herzog, III.&gt;</subfield>
      <subfield code="0">(DE-588a)120063859</subfield>
    </datafield>
  </record>
